@book{hastie2015statistical,
  title={Statistical learning with sparsity},
  author={Hastie, Trevor and Tibshirani, Robert and Wainwright, Martin},
  year={2015},
  publisher={CRC press}
}


@article{mazumder2010spectral,
  title={Spectral regularization algorithms for learning large incomplete matrices},
  author={Mazumder, Rahul and Hastie, Trevor and Tibshirani, Robert},
  journal={Journal of machine learning research},
  volume={11},
  number={Aug},
  pages={2287--2322},
  year={2010}
}

